@misc{Tesla,
title = {NVIDIA TESLA V100 GPU ARCHITECTURE},
author = {Nvidia},
note = {\url{https://images.nvidia.com/content/volta-architecture/pdf/volta-architecture-whitepaper.pdf}},
year = {2017}
}